<collection xmlns="http://www.loc.gov/MARC21/slim">
<record>
  <leader>01952nam0a22003251i 450 </leader>
  <controlfield tag="001">IT\ICCU\CNCE\038738</controlfield>
  <controlfield tag="005">19981103000000.0</controlfield>
  <datafield tag="012" ind1=" " ind2=" ">
    <subfield code="a">2322 rada jsle nogn (3) 1521 (A)</subfield>
    <subfield code="2">fei</subfield>
  </datafield>
  <datafield tag="100" ind1=" " ind2=" ">
    <subfield code="a">19981103d1521        0itac0103    ba</subfield>
  </datafield>
  <datafield tag="101" ind1=" " ind2=" ">
    <subfield code="a">LAT</subfield>
  </datafield>
  <datafield tag="102" ind1=" " ind2=" ">
    <subfield code="a">IT</subfield>
  </datafield>
  <datafield tag="200" ind1="1" ind2=" ">
    <subfield code="a">Preclarum summi in astrorum scientia principis Alchabitij opus ad scurutanda stellarum magisteria isagogicum pristino candori nuperrime restitutm ab excellentissimo doctore Antonio de Fantis Taruisino, qui notabilem eiusdem auctoris Libellum de planetarum coniunctionibus nusquam antea impressum addidit ... cum castigatissimo Ioannis de Saxonia commentario</subfield>
  </datafield>
  <datafield tag="210" ind1=" " ind2=" ">
    <subfield code="a">\Venezia</subfield>
    <subfield code="c">Melchiorre Sessa!</subfield>
    <subfield code="e">Impressum Venetijs</subfield>
    <subfield code="g">per Melchiorem Sessam &amp; Petrum de Rauanis socios</subfield>
    <subfield code="h">1521. Die.18.Iunij</subfield>
  </datafield>
  <datafield tag="215" ind1=" " ind2=" ">
    <subfield code="a">63, \1! c.</subfield>
    <subfield code="d"></subfield>
  </datafield>
  <datafield tag="300" ind1=" " ind2=" ">
    <subfield code="a"></subfield>
  </datafield>
  <datafield tag="700" ind1=" " ind2="0">
    <subfield code="a">Alchabitius</subfield>
    <subfield code="3">IT\ICCU\CNCA\000570</subfield>
  </datafield>
  <datafield tag="702" ind1=" " ind2="1">
    <subfield code="a">De_Fantis,</subfield>
    <subfield code="b">Antonio</subfield>
    <subfield code="3">IT\ICCU\CNCA\004526</subfield>
  </datafield>
  <datafield tag="702" ind1=" " ind2="0">
    <subfield code="a">Johannes Danck</subfield>
    <subfield code="c"> : de#Saxonia</subfield>
    <subfield code="3">IT\ICCU\CNCA\000087</subfield>
  </datafield>
  <datafield tag="790" ind1=" " ind2="0">
    <subfield code="a">Alcabizio</subfield>
    <subfield code="3">IT\ICCU\CNCA\012275</subfield>
    <subfield code="z">Alchabitius</subfield>
  </datafield>
  <datafield tag="790" ind1=" " ind2="0">
    <subfield code="a">&apos;Abd Al-&apos;Aziz ibn &apos;Othman al-Qabisi</subfield>
    <subfield code="3">IT\ICCU\CNCA\012280</subfield>
    <subfield code="z">Alchabitius</subfield>
  </datafield>
  <datafield tag="790" ind1=" " ind2="1">
    <subfield code="a">al Qabisi,</subfield>
    <subfield code="b">&apos;Abd al &apos;Aziz ibn &apos;Othman</subfield>
    <subfield code="3">IT\ICCU\CNCA\014985</subfield>
    <subfield code="z">Alchabitius</subfield>
  </datafield>
  <datafield tag="790" ind1=" " ind2="1">
    <subfield code="a">Fantis,</subfield>
    <subfield code="b">Antonius : de</subfield>
    <subfield code="3">IT\ICCU\CNCA\008738</subfield>
    <subfield code="z">De_Fantis, Antonio</subfield>
  </datafield>
  <datafield tag="790" ind1=" " ind2="1">
    <subfield code="a">Fantis,</subfield>
    <subfield code="b">Antonio</subfield>
    <subfield code="3">IT\ICCU\CNCA\015145</subfield>
    <subfield code="z">De_Fantis, Antonio</subfield>
  </datafield>
  <datafield tag="790" ind1=" " ind2="1">
    <subfield code="a">De_Fantis,</subfield>
    <subfield code="b">Antonius</subfield>
    <subfield code="3">IT\ICCU\CNCA\023197</subfield>
    <subfield code="z">De_Fantis, Antonio</subfield>
  </datafield>
  <datafield tag="790" ind1=" " ind2="1">
    <subfield code="a">Danckonis,</subfield>
    <subfield code="b">Johannes : de</subfield>
    <subfield code="3">IT\ICCU\CNCA\015237</subfield>
    <subfield code="z">Johannes Danck : de#Saxonia</subfield>
  </datafield>
  <datafield tag="790" ind1=" " ind2="0">
    <subfield code="a">Ioannes</subfield>
    <subfield code="c"> : de#Saxonia</subfield>
    <subfield code="3">IT\ICCU\CNCA\016223</subfield>
    <subfield code="z">Johannes Danck : de#Saxonia</subfield>
  </datafield>
  <datafield tag="790" ind1=" " ind2="1">
    <subfield code="a">Danck,</subfield>
    <subfield code="b">Johannes</subfield>
    <subfield code="3">IT\ICCU\CNCA\030098</subfield>
    <subfield code="z">Johannes Danck : de#Saxonia</subfield>
  </datafield>
  <datafield tag="801" ind1=" " ind2="3">
    <subfield code="a">IT</subfield>
    <subfield code="b">ICCU</subfield>
    <subfield code="c">20201114</subfield>
  </datafield>
  <datafield tag="899" ind1=" " ind2=" ">
    <subfield code="a">Biblioteca nazionale centrale. Roma</subfield>
    <subfield code="1">RM0267</subfield>
    <subfield code="2">BVE CR</subfield>
  </datafield>
  <datafield tag="899" ind1=" " ind2=" ">
    <subfield code="a">Biblioteca universitaria Alessandrina. Roma</subfield>
    <subfield code="1">RM0280</subfield>
    <subfield code="2">RML 01</subfield>
  </datafield>
</record>
</collection>
